




@article{roumboutsos2008game,
  title={A game theory approach to urban public transport integration policy},
  author={Roumboutsos, Athena and Kapros, Seraphim},
  journal={Transport Policy},
  volume={15},
  number={4},
  pages={209--215},
  year={2008},
  publisher={Elsevier}
}

@article{medda2007game,
  title={A game theory approach for the allocation of risks in transport public private partnerships},
  author={Medda, Francesca},
  journal={International journal of project management},
  volume={25},
  number={3},
  pages={213--218},
  year={2007},
  publisher={Elsevier}
}


@article{proost2014selected,
  title={Do the selected Trans European transport investments pass the Cost Benefit test?},
  author={Proost, Stef and Dunkerley, Fay and Van der Loo, Saskia and Adler, Nicole and Br{\"o}cker, Johannes and Korzhenevych, Artem},
  journal={Transportation},
  volume={41},
  number={1},
  pages={107--132},
  year={2014},
  publisher={Springer}
}

@article{adler2010high,
  title={High-speed rail and air transport competition: Game engineering as tool for cost-benefit analysis},
  author={Adler, Nicole and Pels, Eric and Nash, Chris},
  journal={Transportation Research Part B: Methodological},
  volume={44},
  number={7},
  pages={812--833},
  year={2010},
  publisher={Elsevier}
}

@article{melo2013productivity,
  title={The productivity of transport infrastructure investment: A meta-analysis of empirical evidence},
  author={Melo, Patricia C and Graham, Daniel J and Brage-Ardao, Ruben},
  journal={Regional Science and Urban Economics},
  volume={43},
  number={5},
  pages={695--706},
  year={2013},
  publisher={Elsevier}
}


@article{tsamboulas1984multinational,
  title={Multinational transport investments},
  author={Tsamboulas, Dimitrios A},
  journal={Ekistics},
  pages={110--114},
  year={1984},
  publisher={JSTOR}
}


@article{yii2018transportation,
  title={Is transportation infrastructure important to the One Belt One Road (OBOR) Initiative? Empirical evidence from the selected Asian countries},
  author={Yii, Kwang-Jing and Bee, Kai-Ying and Cheam, Wei-Yong and Chong, Yee-Lee and Lee, Ching-Mei},
  journal={Sustainability},
  volume={10},
  number={11},
  pages={4131},
  year={2018},
  publisher={Multidisciplinary Digital Publishing Institute}
}

@article{tsamboulas2007tool,
  title={A tool for prioritizing multinational transport infrastructure investments},
  author={Tsamboulas, Dimitrios A},
  journal={Transport Policy},
  volume={14},
  number={1},
  pages={11--26},
  year={2007},
  publisher={Elsevier}
}


@article{raimbault2019space,
  title={Space Matters: Extending Sensitivity Analysis to Initial Spatial Conditions in Geosimulation Models},
  author={Raimbault, J and Cottineau, C and Le Texier, M and Le Nechet, F and Reuillon, R},
  journal={Journal of Artificial Societies and Social Simulation},
  volume={22},
  number={4},
  year={2019},
  publisher={JASSS}
}


@article{reuillon2013openmole,
  title={OpenMOLE, a workflow engine specifically tailored for the distributed exploration of simulation models},
  author={Reuillon, Romain and Leclaire, Mathieu and Rey-Coyrehourcq, Sebastien},
  journal={Future Generation Computer Systems},
  volume={29},
  number={8},
  pages={1981--1990},
  year={2013},
  publisher={Elsevier}
}



@article{raimbault2020hierarchy,
  title={Hierarchy and co-evolution processes in urban systems},
  author={Raimbault, Juste},
  journal={arXiv preprint arXiv:2001.11989},
  year={2020}
}

@article{raimbault2020modeling,
  title={Modeling the co-evolution of cities and networks},
  author={Raimbault, Juste},
  journal={Handbook of cities and networks. Rozenblat C., Niel Z., eds. In press},
  year={2020}
}


@incollection{pumain2018evolutionary,
  title={An evolutionary theory of urban systems},
  author={Pumain, Denise},
  booktitle={International and transnational perspectives on urban systems},
  pages={3--18},
  year={2018},
  publisher={Springer}
}

@inbook{Xie2011,
	Address = {New York, NY},
	Author = {Xie, Feng and Levinson, David M.},
	Pages = {179--198},
	Publisher = {Springer New York},
	Title = {Governance Choice - A Theoretical Analysis},
	Year = {2011}}

@incollection{xie2011governance,
	Author = {Xie, Feng and Levinson, David M},
	Booktitle = {Evolving Transportation Networks},
	Pages = {199--221},
	Publisher = {Springer},
	Title = {Governance Choice-A Simulation Model},
	Year = {2011}}
	
	
	
	