

@inproceedings{raimbault:halshs-02351722,
  TITLE = {{A multi-scalar model for system of cities}},
  AUTHOR = {Raimbault, Juste},
  URL = {https://halshs.archives-ouvertes.fr/halshs-02351722},
  BOOKTITLE = {{Conference on Complex Systems 2019}},
  ADDRESS = {Singapore, Singapore},
  YEAR = {2019},
  MONTH = Sep,
  KEYWORDS = {COM ; PARIS team},
  HAL_ID = {halshs-02351722},
  HAL_VERSION = {v1},
}


@book{saltelli2008global,
  title={Global sensitivity analysis: the primer},
  author={Saltelli, Andrea and Ratto, Marco and Andres, Terry and Campolongo, Francesca and Cariboni, Jessica and Gatelli, Debora and Saisana, Michaela and Tarantola, Stefano},
  year={2008},
  publisher={John Wiley \& Sons}
}


@article{marincioni2009lyon,
  title={The Lyon-Turin high-speed rail: the public debate and perception of environmental risk in Susa valley, Italy},
  author={Marincioni, Fausto and Appiotti, Federica},
  journal={Environmental management},
  volume={43},
  number={5},
  pages={863--875},
  year={2009},
  publisher={Springer}
}


@article{yang2006geopolitics,
  title={The geopolitics of cross-boundary governance in the Greater Pearl River Delta, China: A case study of the proposed Hong Kong--Zhuhai--Macao Bridge},
  author={Yang, Chun},
  journal={Political Geography},
  volume={25},
  number={7},
  pages={817--835},
  year={2006},
  publisher={Elsevier}
}


@article{gibb1992channel,
  title={The Channel Tunnel rail link and regional development: an evaluation of British Rail's procedures and policies},
  author={Gibb, RA and Knowles, RD and Farrington, JH},
  journal={Geographical Journal},
  pages={273--285},
  year={1992},
  publisher={JSTOR}
}

@article{khan2014constructive,
  title={Constructive conflicts in the case of the {\"O}resund Link},
  author={Khan, Jamil and Pettersson, Fredrik and Holmberg, Bengt},
  journal={Planning Theory and Practice},
  volume={15},
  number={3},
  pages={389--389},
  year={2014},
  publisher={Routledge}
}


@article{raimbault2019second,
  title={Second-order control of complex systems with correlated synthetic data},
  author={Raimbault, Juste},
  journal={Complex Adaptive Systems Modeling},
  volume={7},
  number={1},
  pages={1--19},
  year={2019},
  publisher={SpringerOpen}
}

@inproceedings{le2015modeling,
  title={Modeling the emergence of metropolitan transport authority in a polycentric urban region},
  author={Le N{\'e}chet, Florent and Raimbault, Juste},
  year={2015},
  booktitle={ECTQG 2015}
}


@article{raimbault2020indirect,
  title={Indirect evidence of network effects in a system of cities},
  author={Raimbault, Juste},
  journal={Environment and Planning B: Urban Analytics and City Science},
  volume={47},
  number={1},
  pages={138--155},
  year={2020},
  publisher={SAGE Publications Sage UK: London, England}
}




@article{roumboutsos2008game,
  title={A game theory approach to urban public transport integration policy},
  author={Roumboutsos, Athena and Kapros, Seraphim},
  journal={Transport Policy},
  volume={15},
  number={4},
  pages={209--215},
  year={2008},
  publisher={Elsevier}
}

@article{medda2007game,
  title={A game theory approach for the allocation of risks in transport public private partnerships},
  author={Medda, Francesca},
  journal={International journal of project management},
  volume={25},
  number={3},
  pages={213--218},
  year={2007},
  publisher={Elsevier}
}


@article{proost2014selected,
  title={Do the selected Trans European transport investments pass the Cost Benefit test?},
  author={Proost, Stef and Dunkerley, Fay and Van der Loo, Saskia and Adler, Nicole and Br{\"o}cker, Johannes and Korzhenevych, Artem},
  journal={Transportation},
  volume={41},
  number={1},
  pages={107--132},
  year={2014},
  publisher={Springer}
}

@article{adler2010high,
  title={High-speed rail and air transport competition: Game engineering as tool for cost-benefit analysis},
  author={Adler, Nicole and Pels, Eric and Nash, Chris},
  journal={Transportation Research Part B: Methodological},
  volume={44},
  number={7},
  pages={812--833},
  year={2010},
  publisher={Elsevier}
}

@article{melo2013productivity,
  title={The productivity of transport infrastructure investment: A meta-analysis of empirical evidence},
  author={Melo, Patricia C and Graham, Daniel J and Brage-Ardao, Ruben},
  journal={Regional Science and Urban Economics},
  volume={43},
  number={5},
  pages={695--706},
  year={2013},
  publisher={Elsevier}
}


@article{tsamboulas1984multinational,
  title={Multinational transport investments},
  author={Tsamboulas, Dimitrios A},
  journal={Ekistics},
  pages={110--114},
  year={1984},
  publisher={JSTOR}
}


@article{yii2018transportation,
  title={Is transportation infrastructure important to the One Belt One Road (OBOR) Initiative? Empirical evidence from the selected Asian countries},
  author={Yii, Kwang-Jing and Bee, Kai-Ying and Cheam, Wei-Yong and Chong, Yee-Lee and Lee, Ching-Mei},
  journal={Sustainability},
  volume={10},
  number={11},
  pages={4131},
  year={2018},
  publisher={Multidisciplinary Digital Publishing Institute}
}

@article{tsamboulas2007tool,
  title={A tool for prioritizing multinational transport infrastructure investments},
  author={Tsamboulas, Dimitrios A},
  journal={Transport Policy},
  volume={14},
  number={1},
  pages={11--26},
  year={2007},
  publisher={Elsevier}
}


@article{raimbault2019space,
  title={Space Matters: Extending Sensitivity Analysis to Initial Spatial Conditions in Geosimulation Models},
  author={Raimbault, J and Cottineau, C and Le Texier, M and Le Nechet, F and Reuillon, R},
  journal={Journal of Artificial Societies and Social Simulation},
  volume={22},
  number={4},
  year={2019},
  publisher={JASSS}
}


@article{reuillon2013openmole,
  title={OpenMOLE, a workflow engine specifically tailored for the distributed exploration of simulation models},
  author={Reuillon, Romain and Leclaire, Mathieu and Rey-Coyrehourcq, Sebastien},
  journal={Future Generation Computer Systems},
  volume={29},
  number={8},
  pages={1981--1990},
  year={2013},
  publisher={Elsevier}
}



@article{raimbault2020hierarchy,
  title={Hierarchy and co-evolution processes in urban systems},
  author={Raimbault, Juste},
  journal={arXiv preprint arXiv:2001.11989},
  year={2020}
}

@article{raimbault2020modeling,
  title={Modeling the co-evolution of cities and networks},
  author={Raimbault, Juste},
  journal={Handbook of cities and networks. Rozenblat C., Niel Z., eds. In press},
  year={2020}
}


@incollection{pumain2018evolutionary,
  title={An evolutionary theory of urban systems},
  author={Pumain, Denise},
  booktitle={International and transnational perspectives on urban systems},
  pages={3--18},
  year={2018},
  publisher={Springer}
}

@inbook{Xie2011,
	Address = {New York, NY},
	Author = {Xie, Feng and Levinson, David M.},
	Pages = {179--198},
	Publisher = {Springer New York},
	Title = {Governance Choice - A Theoretical Analysis},
	Year = {2011}}

@incollection{xie2011governance,
	Author = {Xie, Feng and Levinson, David M},
	Booktitle = {Evolving Transportation Networks},
	Pages = {199--221},
	Publisher = {Springer},
	Title = {Governance Choice-A Simulation Model},
	Year = {2011}}
	
	
	
	